@Inbook{Ferraro2008,
author="Ferraro, Giovanni",
title="Geometrical quantities and series in Leibniz",
bookTitle="The Rise and Development of the Theory of Series up to the Early 1820s",
year="2008",
publisher="Springer New York",
address="New York, NY",
pages="25--44",
isbn="978-0-387-73468-2",
doi="10.1007/978-0-387-73468-2_2",
url="https://doi.org/10.1007/978-0-387-73468-2_2"
}
@INBOOK{8343604,
  author={Galin, Daniel},
  booktitle={Software Quality: Concepts and Practice}, 
  title={Software Quality Factors (Attributes)}, 
  year={2018},
  volume={},
  number={},
  pages={23-44},
  doi={10.1002/9781119134527.ch2}}
@INBOOK{python,
  author={Daniel Arbuckle},
  booktitle={Daniel Arbuckle's Mastering Python : building powerful Python applications}, 
  title={PEP 8 â€” guidelines for Python code}, 
  year={2017},
  volume={},
  number={},
  pages={},
  doi={}}

  @misc{CreativeCommonsBY-NC2.0,
  title = {Creative Commons BY-NC-SA 4.0},
  howpublished = {\url{https://creativecommons.org/licenses/by-nc-sa/4.0/}},
  note = {Accessed: 2023-10-26}
}

@misc{KaggleDataset,
  title = {Face expression recognition dataset},
  howpublished = {\url{https://www.kaggle.com/datasets/jonathanoheix/face-expression-recognition-dataset/data}},
  note = {Accessed: 2023-10-24}
}

@misc{FFHQ,
  title = {Flickr-Faces-HQ Dataset (FFHQ)},
  howpublished = {\url{https://github.com/NVlabs/ffhq-dataset#flickr-faces-hq-dataset-ffhq}},
  note = {Accessed: 2023-10-25}
}

@misc{Labelbox,
  title = {Labelbox | Data-centric AI Platform},
  howpublished = {\url{https://labelbox.com/}},
  note = {Accessed: 2023-10-24}
}

@misc{LabelboxSlice,
  title = {Slices},
  howpublished = {\url{https://docs.labelbox.com/docs/slices}},
  note = {Accessed: 2023-10-24}
}

@misc{LabelboxDataset,
  title = {Dataset},
  howpublished = {\url{https://docs.labelbox.com/reference/dataset}},
  note = {Accessed: 2023-10-24}
}

@misc{Keras,
  title = {Keras ImageDataGenerator},
  howpublished = {\url{https://www.tensorflow.org/api_docs/python/tf/keras/preprocessing/image/ImageDataGenerator}},
  note = {Accessed: 2023-10-27}
}

@misc{Matplotlib,
  title = {Matplotlib pyplot},
  howpublished = {\url{https://matplotlib.org/stable/api/pyplot_summary.html#module-matplotlib.pyplot}},
  note = {Accessed: 2023-10-24}
}
