@misc{CreativeCommonsBY-NC2.0,
  title = {Creative Commons BY-NC-SA 4.0},
  howpublished = {\url{https://creativecommons.org/licenses/by-nc-sa/4.0/}},
  note = {Accessed: 2023-10-26}
}

@misc{CC-BY-NC-SA4.0-DEED,
  title = {CC BY-NC-SA 4.0 DEED},
  howpublished = {\url{https://creativecommons.org/licenses/by-nc-sa/4.0/}},
  note = {Accessed: 2023-11-24}
}

@misc{KaggleDataset,
  title = {Face expression recognition dataset},
  howpublished = {\url{https://www.kaggle.com/datasets/jonathanoheix/face-expression-recognition-dataset/data}},
  note = {Accessed: 2023-10-24}
}

@misc{MMAKaggleDataset,
  title = {MMA FACIAL EXPRESSION},
  howpublished = {\url{https://www.kaggle.com/datasets/mahmoudima/mma-facial-expression/data}},
  note = {Accessed: 2023-11-16}
}

@misc{UTKFace,
  title = {UTKFace},
  howpublished = {\url{https://susanqq.github.io/UTKFace/}},
  note = {Accessed: 2023-11-16}
}

@misc{RealFakeKaggle,
  title = {Real and Fake Face Detection},
  howpublished = {\url{https://www.kaggle.com/datasets/ciplab/real-and-fake-face-detection}},
  note = {Accessed: 2023-11-16}
}

@misc{FFHQ,
  title = {Flickr-Faces-HQ Dataset (FFHQ)},
  howpublished = {\url{https://github.com/NVlabs/ffhq-dataset#flickr-faces-hq-dataset-ffhq}},
  note = {Accessed: 2023-10-25}
}

@misc{6721Dataset,
  title = {COMP 6721 Dataset},
  howpublished = {\url{https://drive.google.com/drive/u/1/folders/15KX23UhhYKx6UGpm-GAEtIsPpweVRHJd}},
  note = {Accessed: 2023-11-16}
}

@misc{Labelbox,
  title = {Labelbox | Data-centric AI Platform},
  howpublished = {\url{https://labelbox.com/}},
  note = {Accessed: 2023-10-24}
}

@misc{LabelboxSlice,
  title = {Slices},
  howpublished = {\url{https://docs.labelbox.com/docs/slices}},
  note = {Accessed: 2023-10-24}
}

@misc{LabelboxDataset,
  title = {Dataset},
  howpublished = {\url{https://docs.labelbox.com/reference/dataset}},
  note = {Accessed: 2023-10-24}
}

@misc{Keras,
  title = {Keras ImageDataGenerator},
  howpublished = {\url{https://www.tensorflow.org/api_docs/python/tf/keras/preprocessing/image/ImageDataGenerator}},
  note = {Accessed: 2023-10-27}
}

@misc{Matplotlib,
  title = {Matplotlib pyplot},
  howpublished = {\url{https://matplotlib.org/stable/api/pyplot_summary.html#module-matplotlib.pyplot}},
  note = {Accessed: 2023-10-24}
}

@misc{AdamOptim,
  title = {Adam Optimizer},
  howpublished = {\url{https://machinelearningmastery.com/adam-optimization-algorithm-for-deep-learning/}},
  note = {Accessed: 2023-11-16}
}

@misc{LossFunction,
  title = {Cross Entropy Loss},
  howpublished = {\url{https://machinelearningmastery.com/cross-entropy-for-machine-learning/}},
  note = {Accessed: 2023-11-16}
}

@misc{apc,
  title = {accuracy-precision-recall-analysis},
  howpublished = {\url{https://towardsdatascience.com/accuracy-precision-recall-or-f1-331fb37c5cb9/}},
  note = {Accessed: 2023-11-19}
}



